<?xml version="1.0" encoding="UTF-8"?><collection xmlns="http://www.loc.gov/MARC21/slim"><record><leader>00551nam--2200169-i-4500</leader><controlfield tag="001">000018834</controlfield><controlfield tag="002">20161230</controlfield><controlfield tag="005">20161230201032</controlfield><controlfield tag="008">060222s1000------------r-----000-0-eng-d</controlfield><datafield ind1=" " ind2=" " tag="040"><subfield code="a">IFIN-HH</subfield></datafield><datafield ind1=" " ind2=" " tag="080"><subfield code="a">539.172</subfield></datafield><datafield ind1="1" ind2=" " tag="110"><subfield code="a">Zentralinstitut Fur Kernforschung</subfield></datafield><datafield ind1="1" ind2="0" tag="245"><subfield code="a">Conference nuclear reactions with light nuclei and nuclear structure, 10-15 january 1966, rossendorf. abstracts of lectures papers</subfield></datafield><datafield ind1=" " ind2=" " tag="260"><subfield code="a">Rossendorf</subfield><subfield code="b">Zentralinstitut Fur Kernforschung</subfield><subfield code="c">1966</subfield></datafield><datafield ind1=" " ind2=" " tag="300"><subfield code="a">35 P</subfield></datafield><datafield ind1=" " ind2=" " tag="852"><subfield code="a">22602</subfield><subfield code="c">539.17</subfield></datafield><datafield ind1=" " ind2=" " tag="CAT"><subfield code="a">Sys</subfield><subfield code="c">20120530</subfield><subfield code="h">123042</subfield></datafield></record></collection>